<record><leader>00000cas a22000007a 4500</leader><controlfield tag="001">28860222</controlfield><controlfield tag="008">930920d19uu1941njuwr ne      0    0eng d</controlfield><datafield ind1=" " ind2=" " tag="010"><subfield code="a">sn 93060961 </subfield></datafield><datafield ind1=" " ind2=" " tag="040"><subfield code="a">NJW</subfield><subfield code="b">eng</subfield><subfield code="c">NJW</subfield><subfield code="d">OCL</subfield><subfield code="d">OCLCQ</subfield></datafield><datafield ind1="0" ind2="4" tag="245"><subfield code="a">The Palmyra news.</subfield></datafield><datafield ind1="1" ind2="3" tag="246"><subfield code="a">Palmyra news (the weekly news)</subfield></datafield><datafield ind1=" " ind2=" " tag="260"><subfield code="a">Palmyra, N.J. :</subfield><subfield code="b">Burlington County Pub. Co.</subfield></datafield><datafield ind1=" " ind2=" " tag="300"><subfield code="a">v.</subfield></datafield><datafield ind1=" " ind2=" " tag="310"><subfield code="a">Weekly</subfield></datafield><datafield ind1="0" ind2=" " tag="362"><subfield code="a">-v. 56, no. 4 (Oct. 31, 1941).</subfield></datafield><datafield ind1=" " ind2=" " tag="588"><subfield code="a">Description based on: Vol. 45, no. 15 (Jan. 7, 1932).</subfield></datafield><datafield ind1=" " ind2=" " tag="752"><subfield code="a">United States</subfield><subfield code="b">New Jersey</subfield><subfield code="c">Burlington</subfield><subfield code="d">Palmyra.</subfield></datafield><datafield ind1="0" ind2="7" tag="785"><subfield code="t">Twin-borough advertiser</subfield><subfield code="w">(DLC)sn 93060971</subfield><subfield code="w">(OCoLC)29229923</subfield></datafield><datafield ind1="0" ind2="7" tag="785"><subfield code="t">Palmyra news and twin borough advertiser</subfield><subfield code="w">(DLC)sn 93060962</subfield><subfield code="w">(OCoLC)28867403</subfield></datafield></record>